@String{gla     = {Glagolev, V. V.}}
@String{mucha   = {Mu\v{s}insk\'{y}, J.}}

@String{and_dots   = { and \dots and }}
@String{and_others = { and others}}
@String{and        = { and }}

@Article{m01,
  author =       {{Глаголев В. В.}} # and_dots # {{Мушински Я.}} # and_others,
  title =        {Оценка вероятности спинзависящей амплитуды \np процесса при
                  исследовании реакции перезарядки с участием дейтрона},
  journal =      {Письма в ЭЧАЯ},
  year =         2000,
  volume =       100,
  number =       3,
  pages =        {67--73},
  language =     {russian}
}

@InProceedings{m02,
  author =       {{Bushuev Yu. P.}} # and_dots # mucha # and_others,
  title =        {Charge Exchange Processes on the Deuteron},
  booktitle =    {Proc. of the Intern. Workshop Relativistic Nuclear Physics:
                  From Hundreds MeV to TeV, Slovak Republic, Stara Lesna, June
                  26--July 1 2000},
  pages =        {234--245},
  year =         2001
}

@InProceedings{m03,
  author =       {{Bushuev Yu. P.}} # and_dots # mucha # and_others,
  title =        {Deuteron as a Spin Flip Amplitude Analyzer},
  booktitle =    {Relativistic Nuclear Physics and Quantum Chromodynamics:
                  Proc. of the XV Intern. Baldin Seminar on HEP Problems, Dubna,
                  25--29 September 2000},
  pages =        {110--115},
  year =         2000
}

@InProceedings{m04,
  author =       gla # and_dots # mucha # and_others,
  title =        {Determination of spin-dependent contribution to the amplitude
                  of the \np scattering from the reaction \dpchex},
  booktitle =    {Proc. 12th Conf. Slovak Physicists, Smolenice, 3--5 September
                  2001, Bratislava: Slovak Physical Society},
  pages =        {38--39},
  year =         2002
}

@Article{m05,
  author =       gla # and_dots # mucha # and_others,
  title =        {Spin-dependet \np amplitude estimated from \dpfrag},
  journal =      {Eur. Phys. J. A},
  year =         2002,
  volume =       15,
  pages =        {471--475}
}

@InProceedings{m06,
  author =       {Arefiev, V. A.} # and_dots # mucha # and_others,
  title =        {Investigation of Charge Exchange Reaction in Deuteron-Proton
                  Interaction at the Nuclotron},
  booktitle =    {Relativistic Nuclear Physics and Quantum Chromodynamics:
                  Proc. of the XVI Intern. Baldin Seminar on HEP Problems,
                  Dubna, 10--15 June 2002},
  pages =        {247--253},
  year =         2004,
  volume =       1
}

@InProceedings{m07,
  author =       gla # and_dots # mucha # and_others,
  title =        {The charge exchange reaction \dpchex},
  booktitle =    {Relativistic Nuclear Physics and Quantum Chromodynamics:
                  Proc. of the XVIII Intern. Baldin Seminar on HEP Problems,
                  Dubna, 25--30 September 2006},
  pages =        {281--288},
  year =         2008,
  volume =       2
}

@Article{m08,
  author =       {{Глаголев В. В.}} # and_dots # {{Мушински Я.}} # and_others,
  title =        {Реакция перезарядки \dpchex},
  journal =      {Сообщения ОИЯИ P1-2006-112, Дубна},
  year =         2006,
  language =     {russian}
}

@InProceedings{m09,
  author =       gla # and_dots # mucha # and_others,
  title =        {Break-up of Light Nuclei at Intermediate Energies},
  booktitle =    {Proc. of the 9th Intern. Workshop Relativistic Nuclear
                  Physics: From Hundreds MeV to TeV, Slovakia, Modra-Harmonia,
                  May 22--27 2006},
  pages =        {272--281},
  year =         2006
}

@Article{m10,
  author =       gla # and_dots # mucha # and_others,
  title =        {The charge exchange reaction \dpchex},
  journal =      {Cent. Eur. J. of Phys.},
  pages =        {781--785},
  year =         2008,
  volume =       6,
  number =       4
}

@Article{m11,
  author =       {{Глаголев В. В.}} # and_dots # {{Мушински Я.}} # and_others,
  title =        {Поиск и реконструкция трека в дрейфовых камерах на установке
                  СТРЕЛА},
  journal =      {Сообщения ОИЯИ P13-2008-165, Дубна},
  year =         2008,
  language =     {russian}
}

@InProceedings{m12,
  author =       gla # and_dots # mucha # and_others,
  title =        {The \dpchex Charge Exchange Channel},
  booktitle =    {Proc. of the Intern. Workshop Relativistic Nuclear Physics:
                  From Hundreds MeV to TeV, Slovak Republic, Stara Lesna, June
                  5--11 2009},
  pages =        {164--174},
  year =         2010
}
