@Article{cladis50,
  author =       {Cladis, J. B. and others},
  title =        {Protons scattered out of Nuclei at High Energies},
  journal =      {Bull. Am. Phys. Soc.},
  year =         1950,
  number =       6,
  volume =       25
}

@Article{cladis52,
  title =        {Fast Protons from 270-Mev $n-d$ Collisions},
  author =       {Cladis, J. B. and others},
  journal =      {Phys. Rev.},
  volume =       86,
  pages =        {110--117},
  year =         1952
}

@Article{moyer52,
  title =        {Nuclear Elastic Scattering of High Energy Protons},
  author =       {Moyer, B. J. and others},
  journal =      {Phys. Rev.},
  volume =       86,
  pages =        {29--41},
  year =         1952,
}

@Article{pom51,
  author =       {{Померанчук И.}},
  title =        {Обменные столкновения быстрых нуклонов с дейтонами},
  journal =      {Док. АН СССР},
  year =         1951,
  volume =       {LXXVIII},
  number =       2,
  pages =        {249--250},
  language =     {russian}
}

@Article{chew50,
  title =        {The Inelastic Scattering of High Energy Neutrons by Deuterons
                  According to the Impulse Approximation},
  author =       {Chew, G. F.},
  journal =      {Phys. Rev.},
  volume =       80,
  pages =        {196--202},
  year =         1950,
}

@Article{chew51,
  title =        {A Theoretical Calculation of the Inelastic Scattering of
                  90-Mev Neutrons by Deuterons},
  author =       {Chew, G. F.},
  journal =      {Phys. Rev.},
  volume =       84,
  pages =        {710--716},
  year =         1951,
}

@Article{chew52,
  title =        {The Impulse Approximation},
  author =       {Chew, G. F. and Wick, G. C. and others},
  journal =      {Phys. Rev.},
  volume =       85,
  pages =        {636--642},
  year =         1952,
}

@Article{mig55,
  author =       {{Мигдал А. Б.}},
  title =        {Теория ядерных реакций с образованием медленных частиц},
  journal =      {ЖЭТФ},
  year =         1955,
  volume =       28,
  pages =        3,
  language =     {russian}
}

@Article{lap57,
  author =       {{Лапидус Л. И.}},
  title =        {К теории обменных столкновений быстрых нуклонов с дейтонами},
  journal =      {ЖЭТФ},
  year =         1957,
  volume =       32,
  pages =        {1437--1441},
  language =     {russian}
}

@Article{dzelep56,
  author =       {D\v{z}elepov, V. P. and others},
  title =        {Experimental Investigation of Neuteron-Nucleon and
                  Neuteron-Deuteron Interaction in the Energy Region 380--590
                  MeV},
  journal =      {Nuovo Cimento},
  year =         1956,
  volume =       3,
  pages =        {61--75}
}

@Article{dzelep58,
  author =       {{Джелепов В. П.} and {Понтекорво Б. М.}},
  title =        {Исследования по физике частиц высоких энергий на
                  синхроциклотроне ЛЯП ОИЯИ},
  journal =      {УФН},
  year =         1958,
  volume =       {LXIV},
  number =       1,
  pages =        {15--54},
  language =     {russian}
}

@Article{dean72_2,
  author =       {Dean, N. W.},
  title =        {Inelastic Scattering from Deuterium in the Impulse
                  Approximation},
  journal =      {Phys. Rev. D},
  year =         1972,
  volume =       5,
  pages =        {2832--2835}
}

@Article{dean72,
  author =       {Dean, N. W.},
  title =        {Symmetrization Effects in Spectator Momentum Distributions},
  journal =      {Phys. Rev. D},
  year =         1972,
  volume =       5,
  pages =        {1661--1666}
}

@Article{bugg87,
  author =       {Bugg, D. V. and Wilkin, C.},
  title =        {Polarisation in the (d, 2p) reaction at intermediate energies
                  },
  journal =      {Nucl. Phys. A},
  year =         1987,
  volume =       467,
  pages =        {575--620}
}

@Article{friedes65,
  title =        {Neutron-Proton Charge-Exchange Scattering in the BeV/c Region},
  author =       {Friedes, J. L. and others},
  journal =      {Phys. Rev. Lett.},
  volume =       15,
  pages =        {38--41},
  year =         1965,
}

@Article{shep74,
  author =       {Shepard, P. F. and others},
  title =        {Neutron-proton charge-exchange scattering between 600 and 2000
                  MeV/c},
  journal =      {Phys. Rev. D},
  year =         1974,
  volume =       10,
  pages =        {2735--2761}
}

@Article{shep69,
  title =        {Structure in Neutron-Proton Charge Exchange},
  author =       {Shepard, P. F. and others},
  journal =      {Phys. Rev. Lett.},
  volume =       23,
  pages =        {542--545},
  year =         1969,
}

@Article{biz75,
  author =       {Bizard, G. and others},
  title =        {Momentum dependence maeasurements of the \np charge-exchange
                  peak between 1 and 2 GeV/c},
  journal =      {Nucl. Phys. B},
  year =         1975,
  volume =       85,
  pages =        {14--30}
}

@Article{bon78,
  author =       {Bonner, B. E. and others},
  title =        {Measurement of $np$ Charge Exchange for Neutron Energies
                  150--800 MeV},
  journal =      {Phys. Rev. Lett.},
  year =         1978,
  volume =       41,
  pages =        {1200--1203}
}

@Misc{nn_web,
  author =       {Rentmeester, M.},
  title =        {NN-OnLine},
  url =          {http://nn-online.org}
}

@Article{shar00,
  author =       {Sharov, V. I. and others},
  title =        {Measurements of the $np$ total cross section difference
                  $\Delta \sigma_L$ at 1.59, 1.79 and 2.20 GeV},
  journal =      {Eur. Phys. J. C},
  year =         2000,
  volume =       13,
  pages =        {255-266}
}

@Article{shar04,
  author =       {Sharov, V. I. and others},
  title =        {Measurement of the $np$ total cross section difference $\Delta
                  \sigma_L(np)$ at 1.39, 1.69, 1.89 and 1.99 GeV},
  journal =      {Eur. Phys. J. C},
  year =         2004,
  volume =       37,
  pages =        {79-90}
}

@Article{kata85,
  author =       {Katayama, N. and others},
  title =        {Measurement of $dp$ cross sections in the momentum range
                  2.0--3.7 GeV/c},
  journal =      {Nucl. Phys. A},
  year =         1985,
  volume =       438,
  pages =        {685--696}
}

@Article{and85,
  author =       {{Андреев В. П.} and others},
  title =        {Корреляционные измерения спектров протонов в заднюю полусферу
                  в реакции \ensuremath{pd \rightarrow ppn} при 1.2--1.7 Гэв/c},
  journal =      {ЯФ},
  year =         1985,
  volume =       37,
  pages =        {1420--1426},
  language =     {russian}
}

@Book{gold66,
  author =       {Golderger, M. and Watson, K.},
  title =        {Collision Theory},
  publisher =    {New York: Willey},
  year =         1966
}

@Article{bys78_2,
  author =       {Bystricky, J. and Lehar, F. and Winternitz, P.},
  title =        {Formalism of nucleon-nucleon elastic scattering experiments},
  journal =      {J. de Phys. (Paris)},
  year =         1978,
  volume =       39,
  pages =        {1--32}
}

@Article{alad75_2,
  author =       {Aladashvili, B. S. and others},
  title =        {Charge exchange in the deuteron break up at 3.3 GeV/c incident
                  deuteron momentum},
  journal =      {Nucl. Phys. B},
  year =         1975,
  volume =       86,
  pages =        {461--478}
}

@Article{shar09,
  author =       {Sharov, V. I. and others},
  title =        {Measurements of the ratio $R_{dp}$ of the quasi-elastic $nd
                  \rightarrow p(nn)$ to the elastic \np charge-exchange process
                  yields at zero proton emission angle over the 0.55--2.00 GeV
                  neutron beam energy region},
  journal =      {Eur. Phys. J. A},
  year =         2009,
  volume =       39,
  pages =        {267--280}
}

@Article{alad76,
  author =       {Aladashvili, B. S. and others},
  title =        {On the two-nucleon mass enhancement associated with the high
                  momentum tail of the spectator in the deuteron break-up},
  journal =      {Nucl. Phys. A},
  year =         1976,
  volume =       274,
  pages =        {486--494}
}

@Article{chila09,
  author =       {Chiladze, D. and others},
  title =        {The \dpfrag reaction as a method to study neutron-proton
                  charge-exchange amplitudes},
  journal =      {Eur. Phys. J. A},
  year =         2009,
  volume =       40,
  pages =        {23--33}
}

@Article{alad79,
  author =       {{Аладашвили Б. С.} and others},
  title =        {Пространственные корреляции частиц в реакции $pd \rightarrow
                  ppn$},
  journal =      {ЯФ},
  year =         1979,
  volume =       30,
  pages =        {1569--1577},
  language =     {russian}
}

@Article{mucha02,
  author =       {Glagolev, V. V. and \dots and Mu\v{s}insk\'{y}, J. and others},
  title =        {Spin-dependet \np amplitude estimated from \dpfrag},
  journal =      {Eur. Phys. J. A},
  year =         2002,
  volume =       15,
  pages =        {471--475}
}

@Book{bys78,
  author =       {Bystricky, J. and Lehar, F.},
  title =        {Nuclean-nucleon scattering data},
  publisher =    {Karlsruhe: Fachinformationszentrum},
  year =         1978,
  pages =        521
}

@Article{glagolev99,
  author =       {Glagolev, V. V. and others},
  title =        {Charge--exchange breakup of the deuteron with the production
                  of two protons and spin structure of the amplitude of the
                  nucleon charge transfer reaction},
  journal =      {JINR Commun. Е1-99-280, Dubna},
  year =         1999
}

@Article{alad75_4,
  author =       {Aladashvili, B. S. and others},
  title =        {Study of the spectator angle distribution of the \dpfrag
                  reaction at 3.3~GeV/c deuteron momentum},
  journal =      {J. Phys. G: Nucl. Phys.},
  year =         1975,
  volume =       1,
  pages =        {913--921}
}

@Article{glagolev73,
  author =       {Glagolev, V. V. and others},
  title =        {Reaction \dpfrag at 3.3~GeV/c deuteron momentum},
  journal =      {Preprint JINR Е1-7304, Dubna},
  year =         1973
}

@Article{alad77_2,
  author =       {Aladashvili, B. S. and others},
  title =        {Final-state interactions in the high-energy proton-deuteron
                  charge exchange reaction},
  journal =      {J. Phys. G: Nucl. Phys.},
  year =         1977,
  volume =       3,
  pages =        {1225-1240}
}

@Article{alad77,
  author =       {Aladashvili, B. S. and others},
  title =        {Final-state interaction in the high-energy proton-deuteron
                  break-up reaction},
  journal =      {J. Phys. G: Nucl. Phys.},
  year =         1977,
  volume =       3,
  pages =        {7--20}
}

@InProceedings{led04,
  author =       {Lednicky, R. and others},
  title =        {Spin effects and relative momentum spectrum of two protons in
                  deuteron charge-exchange breakup},
  booktitle =    {Relativistic Nuclear Physics and Quantum Chromodynamics:
                  Proc. of the XVI Intern. Baldin Seminar on HEP Problems,
                  Dubna, 10--15 June 2002},
  pages =        {199--211},
  year =         2004,
  volume =       1
}

@Article{trei62,
  title =        {Tests of the Single-Pion Exchange Model},
  author =       {Treiman, S. B. and Yang, C. N.},
  journal =      {Phys. Rev. Lett.},
  volume =       8,
  pages =        {140--141},
  year =         1962,
}

@Article{bugg66,
  author =       {Bugg, D. V. and others},
  title =        {Nucleon-Nucleon Total Cross Sections from 1.1 to 8 GeV/c},
  journal =      {Phys. Rev.},
  year =         1966,
  volume =       146,
  pages =        {980--992}
}

@Manual{niora91,
  title =        {Исследование резонансных явлений в процессах развала легчайших
                  ядер},
  author =       {{Ниорадзе М. С.}},
  year =         1991,
  language =     {russian}
}

@Article{alad75_3,
  author =       {{Аладашвили Б. С.} and others},
  title =        {Корреляции в реакции \dpfrag при малых переданных импульсах},
  journal =      {Сообщения ОИЯИ P1-9018, Дубна},
  year =         1975,
  language =     {russian}
}

@Manual{kachara88,
  title =        {Взаимодействие лёгких ядер с протонами и поиск дибарионных
                  состояний},
  author =       {{Качарава А. К.}},
  year =         1988,
  language =     {russian}
}

@Article{balga88,
  author =       {{Балгансурен Я.}},
  title =        {Исследование дибарионных состояний в $dp$-взаимодействиях при
                  импульсе 3.33~ГэВ/с},
  journal =      {Сообщения ОИЯИ P1-88-503, Дубна},
  year =         1988,
  language =     {russian}
}

@Manual{glagolev76,
  title =        {Исследование дейтрон-протонных взаимодействий в водородной
                  пузырьковой камере.},
  author =       {{Глаголев В. В.}},
  year =         1976,
  language =     {russian}
}

@Article{glagolev72,
  author =       {{Глаголев В. В.}},
  title =        {Канал положительных частиц для облучения метровой водородной
                  камеры ОИЯИ},
  journal =      {Сообщения ОИЯИ 1-6372, Дубна},
  year =         1972,
  language =     {russian}
}

@Manual{framer82,
  title =        {Hydra Topical Manual TQ Title Package, CERN Program Library},
  author =       {Frameri, V. and others},
  year =         1982
}

@Article{alad73,
  author =       {{Аладашвили Б. С.} and others},
  title =        {Некоторые методические вопросы dp-эксперимента на
                  100-сантиметровой водородной пузырьковой камере ЛВЭ ОИЯИ},
  journal =      {Сообщения ОИЯИ 1-7645, Дубна},
  year =         1973,
  language =     {russian}
}

@Article{alad75,
  author =       {Aladashvili, B. S. and others},
  title =        {Use of the deuteron beam for studying the $dp$ interactions},
  journal =      {Nucl. Instr. and Meth.},
  year =         1975,
  volume =       129,
  pages =        109
}

@Article{belon65,
  author =       {Belonogov, A. V. and others},
  title =        {A liquid hydrogen bubble chamber of volume
                  950~$\times$~350~$\times$300 mm},
  journal =      {Nucl. Instr. and Meth.},
  year =         1965,
  volume =       20,
  pages =        114
}

@Article{glagolev94,
  author =       {Glagolev, V. V.},
  title =        {Relativistic Nuclear Physics in the 1m Hydrogen Bubble Chamber
                  of LHE JINR},
  journal =      {Nucl. Phys. B},
  year =         1994,
  volume =       36,
  pages =        {509--512}
}

@Article{dol86,
  author =       {Dolidze, M. G. and others},
  title =        {Enhancements observed in the two-proton invariant mass
                  distribution in the pionless deuteron breakup at 3.3 GeV/c},
  journal =      {Zeit. für Phys. A},
  year =         1986,
  volume =       325,
  pages =        {391--397}
}

@Misc{strela_web,
  author =       {Mu\v{s}insk\'{y}, J.},
  title =        {StrelaWiki},
  url =          {http://strela.jinr.ru},
}

@InProceedings{glagolev96,
  author =       {Glagolev, V. V. and others},
  title =        {New experiments in the deuteron beams},
  booktitle =    {Proc. of the XIII Intern. Seminar on HEP Problems, Dubna, 2--7
                  September 1996},
  pages =        {179--184},
  year =         1996,
  volume =       1
}

@InProceedings{bush00_mucha,
  author =       {Bushuev, Yu. P. and \dots and Mu\v{s}insk\'{y}, J. and others},
  title =        {Charge Exchange Processes on the Deuteron},
  booktitle =    {Proc. of the Intern. Workshop Relativistic Nuclear Physics:
                  From Hundreds MeV to TeV, Slovak Republic, Stara Lesna, June
                  26--July 1 2000},
  pages =        {234--245},
  year =         2001
}

@InProceedings{glagolev00_mucha,
  author =       {Glagolev, V. V. and \dots and Mu\v{s}insk\'{y}, J. and others},
  title =        {Deuteron as a Spin Flip Amplitude Analyzer},
  booktitle =    {Relativistic Nuclear Physics and Quantum Chromodynamics:
                  Proc. of the XV Intern. Baldin Seminar on HEP Problems, Dubna,
                  25--29 September 2000},
  pages =        {110--115},
  year =         2000
}

@InProceedings{baz99,
  author =       {{Базылев С. Н.} and others},
  title =        {Зарядово-обменные процессы с дейтрон-протонных соударениях},
  booktitle =    {Proc. of the Intern. Workshop Relativistic Nuclear Physics:
                  From Hundreds MeV to TeV, Slovak Republic, Stara Lesna, 14--18
                  June 1999},
  year =         1999,
  volume =       2,
  language =     {russian}
}

@Article{lehar09,
  author =       {Lehar, F.},
  title =        {Quasi-elastic and elastic charge-exchange differential cross
                  sections (critical review)},
  journal =      {Phys. Part. Nucl.},
  year =         2009,
  volume =       40,
  pages =        {801-821}
}

@Misc{pag88,
  author =       {Pagels, B.},
  title =        {Untersuchung der quasielastischen Ladungsaustauschreaktion $nd
                  \rightarrow pnn$ im Neutronenergiebereich von 290 bis 570 MeV},
  howpublished = {Fakultat fur Physik der Univ. Freiburg im Breisgau},
  year =         1988
}

@Article{smirnov97,
  author =       {{Смирнов В. А.}},
  title =        {Средства организации систем сбора данных для проведения
                  экспериментов в области физики высоких энергии},
  journal =      {ЭЧАЯ},
  year =         1997,
  volume =       28,
  pages =        {1295--1346},
  language =     {russian}
}

@TechReport{hptdc04,
  author =       {Christiansen, J.},
  title =        {High Performance Time to Digital Converter},
  institution =  {CERN/EP - MIC},
  year =         2004
}

@Misc{afi_web,
  author =       {Slepnev, I. V.},
  title =        {AFI Electronics},
  url =          {http://afi.jinr.ru},
}

@Manual{vme85,
  title =        {VMEbus at CERN - A brief review},
  author =       {Parkman, C. F.},
  year =         1985
}

@Article{badura00,
  author =       {Badura, E. and others},
  title =        {Development and design of analog read-out electronics for
                  HADES drift chamber system},
  journal =      {Part. Nucl. Lett.},
  volume =       98,
  year =         2001,
  pages =        {73-77}
}

@Proceedings{snowmass99,
  title =        {Proceedings of the fifth Workshop on Electronics for LHC
                  Experiments, Snowmass, Colorado, USA},
  year =         1999,
  series =       {CERN 99--09}
}

@Article{vodopianov84,
  author =       {{Водопьянов А. С.} and {Цыганов Э. Н.}},
  title =        {Экспериментальное исследование электромагнитных размеров пиона
                  и каона в опытах по упругому $\pi-e$ и $K-e$ рассеянию},
  journal =      {ФЭЧАЯ},
  year =         1984,
  volume =       15,
  pages =        {5--52},
  language =     {russian}
}

@Article{filatova77,
  author =       {Filatova, N. A. and others},
  title =        {Study of drift chamber system for a $K-e$ scattering
                  experiment at the Fermi national accelerator laboratory},
  journal =      {Nucl. Instr. and Meth.},
  year =         1977,
  volume =       143,
  pages =        {17--28}
}

@Article{nigmanov76,
  author =       {Nigmanov, T. S. and others},
  title =        {Drift chamber system for a $K-e$ scattering experiment at
                  Fermilab accelerator},
  journal =      {FERMILAB-76/26-EXP},
  year =         1976
}

@Article{vodopianov75,
  author =       {{Водопьянов А. С.} and others},
  title =        {Конструкция многоканальной системы дрейфовых камер для
                  эксперимента по упругому рассеянию пионов и каонов на
                  электронах},
  journal =      {Препринт ОИЯИ P13-9351, Дубна},
  year =         1975,
  language =     {russian}
}

@Article{sitar87,
  author =       {{Ситар Б.}},
  title =        {Новые направления в развитии дрейфовых камер},
  journal =      {ЭЧАЯ},
  year =         1987,
  volume =       18,
  pages =        {1080--1124},
  language =     {russian}
}

@Manual{peisert84,
  title =        {CERN Yellow Report CERN 84-08},
  author =       {Peisert, A. and others},
  year =         1984
}

@Article{pesehonov86,
  author =       {{Пешехонов В. Д.}},
  title =        {Методика газонаполненных координатных детекторов и их
                  применение для биомедицинских исследований},
  journal =      {ЭЧАЯ},
  year =         1986,
  volume =       17,
  pages =        {1030--1078},
  language =     {russian}
}

@Article{charp70,
  author =       {Charpak, G. and others},
  title =        {Some developments in the operation of multiwire proportional
                  chambers },
  journal =      {Nuc. Instr. and Meth.},
  year =         1970,
  volume =       80,
  pages =        {13--34}
}

@Manual{sauli77,
  title =        {Principles of operation of multiwire proportional and drift
                  chambers, CERN77--09},
  author =       {Sauli, B.},
  year =         1977
}

@Article{pdg08,
  author =       {Amsler, C. and others},
  title =        {The Review of Particle Physics (Particle Data Group)},
  journal =      {Phys. Lett. B},
  year =         2008,
  volume =       667
}

@Article{charpak68,
  author =       {Сhагрak, G. and others},
  title =        {The use of multiwier proportional counters to select and
                  localize cherged particles},
  journal =      {Nuc. Instr. and Meth.},
  year =         1968,
  volume =       62,
  pages =        {262--271}
}

@Article{charpak93,
  author =       {{Шарпак Ж.}},
  title =        {Электронная визуализация ионизирующего излучения с помощью
                  ограниченного лавинного разряда в газах},
  journal =      {УФН},
  year =         1993,
  volume =       163,
  number =       10,
  pages =        {57--66},
  language =     {russian}
}

@Book{klajk90,
  author =       {{Клайнкнехт К.}},
  title =        {Детекторы корпускулярных излучений},
  publisher =    {Мир},
  year =         1990,
  language =     {russian}
}

@Manual{rope04,
  title =        {CERN Academic Training Programme, Gas Detectors},
  author =       {Ropelewski, L. and others},
  year =         2004
}

@Manual{sauli02,
  title =        {Gas-filled detectors, Courses-2002-1},
  author =       {Sauli, F.},
  year =         2002
}

@Book{zanevski78,
  author =       {{Заневский Ю. В.}},
  title =        {Проволочные детекторы элементарных частиц},
  publisher =    {Атомиздат},
  year =         1978
}

@Article{issinsky94,
  author =       {Issinsky, I. B.},
  title =        {Beams of the Dubna Synchophasotron and Nuclotron},
  journal =      {Acta Phisica Polonica B},
  year =         1994,
  volume =       25,
  number =       {3--4},
  pages =        {673--680}
}

@Misc{erfc_web,
  author =       {ROOT},
  title =        {TMath},
  url =          {http://root.cern.ch/root/html/TMath.html\#TMath:Erfc},
}

@article{bac97,
  author =       {Bacci, C. and others},
  title =        {Autocalibration of high precision drift tubes},
  journal =      {Nucl. Phys. B},
  volume =       54,
  pages =        {311--316},
  year =         1997,
}

@InProceedings{pet05,
  author =       {Petrucci, F.},
  title =        {Calibration software for the Atlas monitored drift tube
                  chambers},
  booktitle =    {Nucl. Science Symp. Conf. Record, 2005 IEEE},
  pages =        {153--157},
  year =         2005,
  volume =       1
}

@Article{ame04,
  author =       {{Amelung Ch.}},
  title =        {MDT Autocalibration using MINUIT},
  journal =      {ATLAS Muon Note 2004-020},
  year =         2004
}

@Article{gla_mucha00,
  author =       {{Глаголев В. В.} and \dots and {Мушински Я.} and others},
  title =        {Оценка вероятности спинзависящей амплитуды \np процесса при
                  исследовании реакции перезарядки с участием дейтрона},
  journal =      {ЭЧАЯ},
  year =         2000,
  volume =       100,
  number =       3,
  pages =        {67--73},
  language =     {russian}
}

@InProceedings{are_mucha04,
  author =       {Arefiev, V. A. and \dots and Mu\v{s}insk\'{y}, J. and others},
  title =        {Investigation of Charge Exchange Reaction in Deuteron-Proton
                  Interaction at the Nuclotron},
  booktitle =    {Relativistic Nuclear Physics and Quantum Chromodynamics:
                  Proc. of the XVI Intern. Baldin Seminar on HEP Problems,
                  Dubna, 10--15 June 2002},
  pages =        {247--253},
  year =         2004,
  volume =       1
}

@Article{gla_mucha08,
  author =       {Glagolev, V. V. and \dots and Mu\v{s}insk\'{y}, J. and others},
  title =        {The charge exchange reaction \dpchex},
  journal =      {Cent. Eur. J. of Phys.},
  year =         2008,
  volume =       6,
  number =       4,
  month =        {781--785}
}

@Article{gla_mucha08_2,
  author =       {{Глаголев В. В.} and \dots and {Мушински Я.} and others},
  title =        {Поиск и реконструкция трека в дрейфовых камерах на установке
                  СТРЕЛА},
  journal =      {Сообщения ОИЯИ P13-2008-165, Дубна},
  year =         2008,
  language =     {russian}
}

@InProceedings{gla_mucha10,
  author =       {Glagolev, V. V. and \dots and Mu\v{s}insk\'{y}, J. and others},
  title =        {The \dpchex Charge Exchange Channel},
  booktitle =    {Proc. of the Intern. Workshop Relativistic Nuclear Physics:
                  From Hundreds MeV to TeV, Slovak Republic, Stara Lesna, June
                  5--11 2009},
  pages =        {164--174},
  year =         2010
}
